@article{fisher1936,
  title={100\% MONEY AGAIN [with REJOINDER]},
  author={Fisher, Irving and LEHMANN, FRITZ},
  journal={Social Research},
  pages={236--244},
  year={1936},
  publisher={JSTOR}
}

@book{phillips1994chicago,
  title={The Chicago plan \& new deal banking reform},
  author={Phillips, Ronnie J},
  year={1994},
  publisher={ME Sharpe}
}

@book{chicagorevisited,
  title={The Chicago plan revisited},
  author={Benes, Mr Jaromir and Kumhof, Mr Michael},
  year={2012},
  publisher={International Monetary Fund}
}

@misc{SwizzInitiative,
author = {{Federal Council of Switzerland}},
title = {{Popular initiative "For crisis-safe money: Money creation by the National Bank only!"}},
howpublished = {\url{https://www.admin.ch/gov/en/start/documentation/votes/20180610/Sovereign-Money-Initiative.html}},
year = {2018},
note = {(Accessed on 02/16/2023)}
}

@misc{IcelandReport,
author = {Frosti Sigurj√≥nsson},
title = {MONETARY REFORM - A BETTER MONETARY SYSTEM FOR ICELAND},
howpublished = {\url{https://www.government.is/media/forsaetisraduneyti-media/media/Skyrslur/monetary-reform.pdf}},
month = {March},
year = {2015},
note = {(Accessed on 02/16/2023)}
}

@misc{FRBinvestopedia,
author = {Scott Nevil},
title = {Fractional Reserve Banking: What It Is and How It Works},
howpublished = {\url{https://www.investopedia.com/terms/f/fractionalreservebanking.asp}},
month = {December},
year = {2022},
note = {(Accessed on 03/16/2023)}
}

@book{fisherQTM,
  title={The purchasing power of money: its' determination and relation to credit interest and crises},
  author={Fisher, Irving},
  year={1911},
  publisher={Cosimo, Inc.}
}

@article{mcleay2014money,
  title={Money creation in the modern economy},
  author={McLeay, Michael and Radia, Amar and Thomas, Ryland},
  journal={Bank of England quarterly bulletin},
  pages={Q1},
  year={2014}
}

@book{friedman2008monetary,
  title={A monetary history of the United States, 1867-1960},
  author={Friedman, Milton and Schwartz, Anna Jacobson},
  volume={14},
  year={2008},
  publisher={Princeton University Press}
}

@misc{monetarismInvestopedia,
author = {OSIKHOTSALI MOMOH},
title = {What Is Monetarism? Theory, Formula, and Comparison to Keynesian Economics},
howpublished = {\url{https://www.investopedia.com/terms/m/monetarism.asp}},
month = {July},
year = {2021},
note = {(Accessed on 03/18/2023)}
}

@misc{MBSInvestopedia,
author = {JULIA KAGAN},
title = {Mortgage-Backed Securities (MBS) Definition: Types of Investment},
howpublished = {\url{https://www.investopedia.com/terms/m/mbs.asp}},
month = {February},
year = {2023},
note = {(Accessed on 03/18/2023)}
}